@misc{tong,
      title={Lectures on the Quantum Hall Effect}, 
      author={David Tong},
      year={2016},
      eprint={1606.06687},
      archivePrefix={arXiv},
      primaryClass={hep-th}
}

@article{hall,
 ISSN = {00029327, 10806377},
 URL = {http://www.jstor.org/stable/2369245},
 author = {E. H. Hall},
 journal = {Am. J. Math.},
 number = {3},
 pages = {287--292},
 publisher = {Johns Hopkins University Press},
 title = {On a New Action of the Magnet on Electric Currents},
 volume = {2},
 year = {1879}
}

@book{maxwell, 
 place={Cambridge}, 
 series={Cambridge Library Collection - Physical  Sciences}, title={A Treatise on Electricity and Magnetism}, 
 volume={2}, DOI={10.1017/CBO9780511709340}, 
 publisher={Cambridge University Press}, 
 author={Maxwell, James Clerk}, 
 year={2010}, 
 collection={Cambridge Library Collection - Physical  Sciences}
}

@book{jain,
  title={Composite Fermions},
  author={Jain, Jainendra K},
  year={2007},
  publisher={Cambridge: Cambridge University Press}
}

@article{klitzing,
  title = {New Method for High-Accuracy Determination of the Fine-Structure Constant Based on Quantized Hall Resistance},
  author = {Klitzing, K. v. and Dorda, G. and Pepper, M.},
  journal = {Phys. Rev. Lett.},
  volume = {45},
  issue = {6},
  pages = {494--497},
  numpages = {0},
  year = {1980},
  month = {Aug},
  publisher = {American Physical Society},
  doi = {10.1103/PhysRevLett.45.494},
  url = {https://link.aps.org/doi/10.1103/PhysRevLett.45.494}
}

@article{laughlin,
  title = {Anomalous Quantum Hall Effect: An Incompressible Quantum Fluid with Fractionally Charged Excitations},
  author = {Laughlin, R. B.},
  journal = {Phys. Rev. Lett.},
  volume = {50},
  issue = {18},
  pages = {1395--1398},
  numpages = {0},
  year = {1983},
  month = {May},
  publisher = {American Physical Society},
  doi = {10.1103/PhysRevLett.50.1395},
  url = {https://link.aps.org/doi/10.1103/PhysRevLett.50.1395}
}

@article{tsui,
  title = {Two-Dimensional Magnetotransport in the Extreme Quantum Limit},
  author = {Tsui, D. C. and Stormer, H. L. and Gossard, A. C.},
  journal = {Phys. Rev. Lett.},
  volume = {48},
  issue = {22},
  pages = {1559--1562},
  numpages = {0},
  year = {1982},
  month = {May},
  publisher = {American Physical Society},
  doi = {10.1103/PhysRevLett.48.1559},
  url = {https://link.aps.org/doi/10.1103/PhysRevLett.48.1559}
}

@article{stormer,
  title = {The fractional quantum Hall effect},
  author = {Stormer, Horst L. and Tsui, Daniel C. and Gossard, Arthur C.},
  journal = {Rev. Mod. Phys.},
  volume = {71},
  issue = {2},
  pages = {S298--S305},
  numpages = {0},
  year = {1999},
  month = {Mar},
  publisher = {American Physical Society},
  doi = {10.1103/RevModPhys.71.S298},
  url = {https://link.aps.org/doi/10.1103/RevModPhys.71.S298}
}

@article{peterson,
  title = {More realistic Hamiltonians for the fractional quantum Hall regime in GaAs and graphene},
  author = {Peterson, Michael R. and Nayak, Chetan},
  journal = {Phys. Rev. B},
  volume = {87},
  issue = {24},
  pages = {245129},
  numpages = {16},
  year = {2013},
  month = {Jun},
  publisher = {American Physical Society},
  doi = {10.1103/PhysRevB.87.245129},
  url = {https://link.aps.org/doi/10.1103/PhysRevB.87.245129}
}

@article{peterson2014,
  title = {Effects of Landau Level Mixing on the Fractional Quantum Hall Effect in Monolayer Graphene},
  author = {Peterson, Michael R. and Nayak, Chetan},
  journal = {Phys. Rev. Lett.},
  volume = {113},
  issue = {8},
  pages = {086401},
  numpages = {5},
  year = {2014},
  month = {Aug},
  publisher = {American Physical Society},
  doi = {10.1103/PhysRevLett.113.086401},
  url = {https://link.aps.org/doi/10.1103/PhysRevLett.113.086401}
}



@article{haldane,
  title = {Fractional Quantization of the Hall Effect: A Hierarchy of Incompressible Quantum Fluid States},
  author = {Haldane, F. D. M.},
  journal = {Phys. Rev. Lett.},
  volume = {51},
  issue = {7},
  pages = {605--608},
  numpages = {0},
  year = {1983},
  month = {Aug},
  publisher = {American Physical Society},
  doi = {10.1103/PhysRevLett.51.605},
  url = {https://link.aps.org/doi/10.1103/PhysRevLett.51.605}
}

@article{wu,
    author = "Wu, Tai Tsun and Yang, Chen Ning",
    title = "{Dirac Monopole Without Strings: Monopole Harmonics}",
    reportNumber = "ITP-SB-76-5",
    doi = "10.1016/0550-3213(76)90143-7",
    journal = "Nucl. Phys. B",
    volume = "107",
    pages = "365",
    year = "1976"
}

@article{bible,
   title={Composite Fermions in the Hilbert Space of the Lowest Electronic Landau Level},
   volume={11},
   ISSN={1793-6578},
   url={http://dx.doi.org/10.1142/S0217979297001301},
   DOI={10.1142/s0217979297001301},
   number={22},
   journal={International Journal of Modern Physics B},
   publisher={World Scientific Pub Co Pte Lt},
   author={Jain, J. K. and Kamilla, R. K.},
   year={1997},
   month={Sep},
   pages={2621–2660}
}

@article{park,
   title={Possibility ofp-wave pairing of composite fermions atν=12},
   volume={58},
   ISSN={1095-3795},
   url={http://dx.doi.org/10.1103/PhysRevB.58.R10167},
   DOI={10.1103/physrevb.58.r10167},
   number={16},
   journal={Phys. Rev. B},
   publisher={American Physical Society (APS)},
   author={Park, K. and Melik-Alaverdian, V. and Bonesteel, N. E. and Jain, J. K.},
   year={1998},
   month={Oct},
   pages={R10167–R10170}
}

@phdthesis{wooten,
  author       = {Wooten, Rachel Elizabeth}, 
  school       = {University of Tennessee},
  year         = 2013,
}

@article{arciniaga,
   title={Landau level quantization for massless Dirac fermions in the spherical geometry: Graphene fractional quantum Hall effect on the Haldane sphere},
   volume={94},
   ISSN={2469-9969},
   url={http://dx.doi.org/10.1103/PhysRevB.94.035105},
   number={3},
   journal={Phys. Rev. B},
   publisher={American Physical Society (APS)},
   author={Arciniaga, Michael and Peterson, Michael R.},
   year={2016},
   month={Jul}
}

@article {novoselov,
	author = {Novoselov, K. S. and Geim, A. K. and Morozov, S. V. and Jiang, D. and Zhang, Y. and Dubonos, S. V. and Grigorieva, I. V. and Firsov, A. A.},
	title = {Electric Field Effect in Atomically Thin Carbon Films},
	volume = {306},
	number = {5696},
	pages = {666--669},
	year = {2004},
	doi = {10.1126/science.1102896},
	publisher = {American Association for the Advancement of Science},
	abstract = {We describe monocrystalline graphitic films, which are a few atoms thick but are nonetheless stable under ambient conditions, metallic, and of remarkably high quality. The films are found to be a two-dimensional semimetal with a tiny overlap between valence and conductance bands, and they exhibit a strong ambipolar electric field effect such that electrons and holes in concentrations up to 1013 per square centimeter and with room-temperature mobilities of \~{}10,000 square centimeters per volt-second can be induced by applying gate voltage.},
	issn = {0036-8075},
	URL = {https://science.sciencemag.org/content/306/5696/666},
	eprint = {https://science.sciencemag.org/content/306/5696/666.full.pdf},
	journal = {Science}
}

@article{amet,
  title={Composite fermions and broken symmetries in graphene},
  author={Amet, F. and Bestwick, A. J. and Williams, J. R. and Balicas, L. and Watanabe, K. and Taniguchi, T. and Goldhaber-Gordon, D.},
  journal={Nat. Commun.},
  volume={6},
  number={1},
  pages={1--7},
  year={2015},
  publisher={Nature Publishing Group},
  url={https://doi.org/10.1038/ncomms6838}
}

@MASTERSTHESIS{uriel,
       author = {{Hernandez}, Uriel Fernando},
     keywords = {Physics;Computational physics;Condensed matter physics},
       school = {California State University, Long Beach},
         year = 2019,
       adsurl = {https://ui.adsabs.harvard.edu/abs/2019MsT.........41H},
      adsnote = {Provided by the SAO/NASA Astrophysics Data System},
      type = {MS thesis}
}

@article{bolotin,
   title={Observation of the fractional quantum Hall effect in graphene},
   volume={462},
   ISSN={1476-4687},
   url={http://dx.doi.org/10.1038/nature08582},
   DOI={10.1038/nature08582},
   number={7270},
   journal={Nature},
   publisher={Springer Science and Business Media LLC},
   author={Bolotin, Kirill I. and Ghahari, Fereshte and Shulman, Michael D. and Stormer, Horst L. and Kim, Philip},
   year={2009},
   month={Nov},
   pages={196–199}
}

@article{novoselov2005,
   title={Two-dimensional gas of massless Dirac fermions in graphene},
   volume={438},
   ISSN={1476-4687},
   url={http://dx.doi.org/10.1038/nature04233},
   DOI={10.1038/nature04233},
   number={7065},
   journal={Nature},
   publisher={Springer Science and Business Media LLC},
   author={Novoselov, K. S. and Geim, A. K. and Morozov, S. V. and Jiang, D. and Katsnelson, M. I. and Grigorieva, I. V. and Dubonos, S. V. and Firsov, A. A.},
   year={2005},
   month={Nov},
   pages={197–200}
}

@article{du,
   title={Fractional quantum Hall effect and insulating phase of Dirac electrons in graphene},
   volume={462},
   ISSN={1476-4687},
   url={http://dx.doi.org/10.1038/nature08522},
   DOI={10.1038/nature08522},
   number={7270},
   journal={Nature},
   publisher={Springer Science and Business Media LLC},
   author={Du, Xu and Skachko, Ivan and Duerr, Fabian and Luican, Adina and Andrei, Eva Y.},
   year={2009},
   month={Oct},
   pages={192–195}
}

@article{skachko,
   title={Fractional quantum Hall effect in suspended graphene probed with two-terminal measurements},
   volume={368},
   ISSN={1471-2962},
   url={http://dx.doi.org/10.1098/rsta.2010.0226},
   DOI={10.1098/rsta.2010.0226},
   number={1932},
   journal={Philos. Trans. Royal Soc. A: Mathematical, Physical and Engineering Sciences},
   publisher={The Royal Society},
   author={Skachko, I. and Du, X. and Duerr, F. and Luican, A. and Abanin, D. A. and Levitov, L. S. and Andrei, E. Y.},
   year={2010},
   month={Dec},
   pages={5403–5416}
}

@article{toke,
  title = {Fractional quantum Hall effect in graphene},
  author = {Tőke, Csaba and Lammert, Paul E. and Crespi, Vincent H. and Jain, Jainendra K.},
  journal = {Phys. Rev. B},
  volume = {74},
  issue = {23},
  pages = {235417},
  numpages = {5},
  year = {2006},
  month = {Dec},
  publisher = {American Physical Society},
  doi = {10.1103/PhysRevB.74.235417},
  url = {https://link.aps.org/doi/10.1103/PhysRevB.74.235417}
}

@article{klitzing2017,
  title={Metrology in 2019},
  author={Von Klitzing, Klaus},
  journal={Nature Physics},
  volume={13},
  number={2},
  pages={198--198},
  year={2017},
  publisher={Nature Publishing Group},
  url = {https://doi.org/10.1038/nphys4029}
}

@article{metropolis,
author = {Metropolis,Nicholas  and Rosenbluth,Arianna W.  and Rosenbluth,Marshall N.  and Teller,Augusta H.  and Teller,Edward },
title = {Equation of State Calculations by Fast Computing Machines},
journal = {J. Chem. Phys.},
volume = {21},
number = {6},
pages = {1087-1092},
year = {1953},
doi = {10.1063/1.1699114},

URL = { 
        https://doi.org/10.1063/1.1699114
    
},
eprint = { 
        https://doi.org/10.1063/1.1699114
    
}

}

@article{hastings,
    author = {Hastings, W. K.},
    title = "{Monte Carlo sampling methods using Markov chains and their applications}",
    journal = {Biometrika},
    volume = {57},
    number = {1},
    pages = {97-109},
    year = {1970},
    month = {04},
    abstract = "{A generalization of the sampling method introduced by Metropolis et al. (1953) is presented along with an exposition of the relevant theory, techniques of application and methods and difficulties of assessing the error in Monte Carlo estimates. Examples of the methods, including the generation of random orthogonal matrices and potential applications of the methods to numerical problems arising in statistics, are discussed.}",
    issn = {0006-3444},
    doi = {10.1093/biomet/57.1.97},
    url = {https://doi.org/10.1093/biomet/57.1.97},
    eprint = {https://academic.oup.com/biomet/article-pdf/57/1/97/23940249/57-1-97.pdf},
}

@article{morf,
  title = {Monte Carlo evaluation of trial wave functions for the fractional quantized Hall effect: Disk geometry},
  author = {Morf, R. and Halperin, B. I.},
  journal = {Phys. Rev. B},
  volume = {33},
  issue = {4},
  pages = {2221--2246},
  numpages = {0},
  year = {1986},
  month = {Feb},
  publisher = {American Physical Society},
  doi = {10.1103/PhysRevB.33.2221},
  url = {https://link.aps.org/doi/10.1103/PhysRevB.33.2221}
}

@article{nayak,
  title = {Non-Abelian anyons and topological quantum computation},
  author = {Nayak, Chetan and Simon, Steven H. and Stern, Ady and Freedman, Michael and Das Sarma, Sankar},
  journal = {Rev. Mod. Phys.},
  volume = {80},
  issue = {3},
  pages = {1083--1159},
  numpages = {0},
  year = {2008},
  month = {Sep},
  publisher = {American Physical Society},
  doi = {10.1103/RevModPhys.80.1083},
  url = {https://link.aps.org/doi/10.1103/RevModPhys.80.1083}
}

@article{lee,
  title = {Stripe Formation in the Fractional Quantum Hall Regime},
  author = {Lee, Seung-Yeop and Scarola, Vito W. and Jain, J. K.},
  journal = {Phys. Rev. Lett.},
  volume = {87},
  issue = {25},
  pages = {256803},
  numpages = {4},
  year = {2001},
  month = {Nov},
  publisher = {American Physical Society},
  doi = {10.1103/PhysRevLett.87.256803},
  url = {https://link.aps.org/doi/10.1103/PhysRevLett.87.256803}
}

@Article{matplotlib,
  Author    = {Hunter, J. D.},
  Title     = {Matplotlib: A 2D graphics environment},
  Journal   = {Comput. Sci. Eng.},
  Volume    = {9},
  Number    = {3},
  Pages     = {90--95},
  abstract  = {Matplotlib is a 2D graphics package used for Python for
  application development, interactive scripting, and publication-quality
  image generation across user interfaces and operating systems.},
  publisher = {IEEE COMPUTER SOC},
  doi       = {10.1109/MCSE.2007.55},
  year      = 2007
}

@inproceedings{pandas,
  title={Data structures for statistical computing in python},
  author={McKinney, Wes and others},
  booktitle={Proceedings of the 9th Python in Science Conference},
  volume={445},
  number={1},
  pages={51--56},
  year={2010},
}

@Article{numpy,
 title         = {Array programming with {NumPy}},
 author        = {Charles R. Harris and K. Jarrod Millman and St{\'{e}}fan J.
                 van der Walt and Ralf Gommers and Pauli Virtanen and David
                 Cournapeau and Eric Wieser and Julian Taylor and Sebastian
                 Berg and Nathaniel J. Smith and Robert Kern and Matti Picus
                 and Stephan Hoyer and Marten H. van Kerkwijk and Matthew
                 Brett and Allan Haldane and Jaime Fern{\'{a}}ndez del
                 R{\'{i}}o and Mark Wiebe and Pearu Peterson and Pierre
                 G{\'{e}}rard-Marchant and Kevin Sheppard and Tyler Reddy and
                 Warren Weckesser and Hameer Abbasi and Christoph Gohlke and
                 Travis E. Oliphant},
 year          = {2020},
 month         = sep,
 journal       = {Nature},
 volume        = {585},
 number        = {7825},
 pages         = {357--362},
 doi           = {10.1038/s41586-020-2649-2},
 publisher     = {Springer Science and Business Media {LLC}},
 url           = {https://doi.org/10.1038/s41586-020-2649-2}
}

@Article{ipython,
  Author    = {P\'erez, Fernando and Granger, Brian E.},
  Title     = {{IP}ython: a System for Interactive Scientific Computing},
  Journal   = {Comput. Sci. Eng.},
  Volume    = {9},
  Number    = {3},
  Pages     = {21--29},
  month     = may,
  year      = 2007,
  url       = "https://ipython.org",
  ISSN      = "1521-9615",
  doi       = {10.1109/MCSE.2007.53},
  publisher = {IEEE Computer Society},
}

@ARTICLE{scipy,
  author  = {Virtanen, Pauli and Gommers, Ralf and Oliphant, Travis E. and
            Haberland, Matt and Reddy, Tyler and Cournapeau, David and
            Burovski, Evgeni and Peterson, Pearu and Weckesser, Warren and
            Bright, Jonathan and {van der Walt}, St{\'e}fan J. and
            Brett, Matthew and Wilson, Joshua and Millman, K. Jarrod and
            Mayorov, Nikolay and Nelson, Andrew R. J. and Jones, Eric and
            Kern, Robert and Larson, Eric and Carey, C J and
            Polat, \.{I}lhan and Feng, Yu and Moore, Eric W. and
            {VanderPlas}, Jake and Laxalde, Denis and Perktold, Josef and
            Cimrman, Robert and Henriksen, Ian and Quintero, E. A. and
            Harris, Charles R. and Archibald, Anne M. and
            Ribeiro, Ant{\^o}nio H. and Pedregosa, Fabian and
            {van Mulbregt}, Paul and {SciPy 1.0 Contributors}},
  title   = {{{SciPy} 1.0: Fundamental Algorithms for Scientific
            Computing in Python}},
  journal = {Nature Methods},
  year    = {2020},
  volume  = {17},
  pages   = {261--272},
  adsurl  = {https://rdcu.be/b08Wh},
  doi     = {10.1038/s41592-019-0686-2},
}

@article{sympy,
 title = {SymPy: symbolic computing in Python},
 author = {Meurer, Aaron and Smith, Christopher P. and Paprocki, Mateusz and \v{C}ert\'{i}k, Ond\v{r}ej and Kirpichev, Sergey B. and Rocklin, Matthew and Kumar, AMiT and Ivanov, Sergiu and Moore, Jason K. and Singh, Sartaj and Rathnayake, Thilina and Vig, Sean and Granger, Brian E. and Muller, Richard P. and Bonazzi, Francesco and Gupta, Harsh and Vats, Shivam and Johansson, Fredrik and Pedregosa, Fabian and Curry, Matthew J. and Terrel, Andy R. and Rou\v{c}ka, \v{S}t\v{e}p\'{a}n and Saboo, Ashutosh and Fernando, Isuru and Kulal, Sumith and Cimrman, Robert and Scopatz, Anthony},
 year = 2017,
 month = jan,
 keywords = {Python, Computer algebra system, Symbolics},
 abstract = {
            SymPy is an open source computer algebra system written in pure Python. It is built with a focus on extensibility and ease of use, through both interactive and programmatic applications. These characteristics have led SymPy to become a popular symbolic library for the scientific Python ecosystem. This paper presents the architecture of SymPy, a description of its features, and a discussion of select submodules. The supplementary material provide additional examples and further outline details of the architecture and features of SymPy.
         },
 volume = 3,
 pages = {e103},
 journal = {PeerJ Comput. Sci.},
 issn = {2376-5992},
 url = {https://doi.org/10.7717/peerj-cs.103},
 doi = {10.7717/peerj-cs.103}
}

@inproceedings{kikuchi,
  title={Confidence interval of probability estimator of Laplace smoothing},
  author={Kikuchi, Masato and Yoshida, Mitsuo and Okabe, Masayuki and Umemura, Kyoji},
  booktitle={2015 2nd International Conference on Advanced Informatics: Concepts, Theory and Applications (ICAICTA)},
  pages={1--6},
  year={2015},
  organization={IEEE}
}

@article{finnila,
	doi = {10.1016/0009-2614(94)00117-0},
	url = {https://doi.org/10.1016\%2F0009-2614\%2894\%2900117-0},
	year = 1994,
	month = {mar},
	publisher = {Elsevier {BV}
},
	volume = {219},
	number = {5-6},
	pages = {343--348},
	author = {A.B. Finnila and M.A. Gomez and C. Sebenik and C. Stenson and J.D. Doll},
	title = {Quantum annealing: A new method for minimizing multidimensional functions},
	journal = {Chemical Physics Letters}
}

@book{simon,
  title={The Oxford Solid State Basics},
  author={Simon, Steven H},
  year={2013},
  publisher={OUP Oxford}
}

@article{yennie,
  title={Integral quantum Hall effect for nonspecialists},
  author={Yennie, DR},
  journal={Reviews of modern physics},
  volume={59},
  number={3},
  pages={781},
  year={1987},
  publisher={APS}
}


@article{apalkov,
  title = {Fractional Quantum Hall States of Dirac Electrons in Graphene},
  author = {Apalkov, Vadim M. and Chakraborty, Tapash},
  journal = {Phys. Rev. Lett.},
  volume = {97},
  issue = {12},
  pages = {126801},
  numpages = {4},
  year = {2006},
  month = {Sep},
  publisher = {American Physical Society},
  doi = {10.1103/PhysRevLett.97.126801},
  url = {https://link.aps.org/doi/10.1103/PhysRevLett.97.126801}
}


@article{goerbig,
  title = {Electron interactions in graphene in a strong magnetic field},
  author = {Goerbig, M. O. and Moessner, R. and Douçot, B.},
  journal = {Phys. Rev. B},
  volume = {74},
  issue = {16},
  pages = {161407},
  numpages = {4},
  year = {2006},
  month = {Oct},
  publisher = {American Physical Society},
  doi = {10.1103/PhysRevB.74.161407},
  url = {https://link.aps.org/doi/10.1103/PhysRevB.74.161407}
}

@article{nomura,
  title = {Quantum Hall Ferromagnetism in Graphene},
  author = {Nomura, Kentaro and MacDonald, Allan H.},
  journal = {Phys. Rev. Lett.},
  volume = {96},
  issue = {25},
  pages = {256602},
  numpages = {4},
  year = {2006},
  month = {Jun},
  publisher = {American Physical Society},
  doi = {10.1103/PhysRevLett.96.256602},
  url = {https://link.aps.org/doi/10.1103/PhysRevLett.96.256602}
}

@article{Toke2007,
  title = {SU(4) composite fermions in graphene: Fractional quantum Hall states without analog in GaAs},
  author = {Tőke, Csaba and Jain, J. K.},
  journal = {Phys. Rev. B},
  volume = {75},
  issue = {24},
  pages = {245440},
  numpages = {9},
  year = {2007},
  month = {Jun},
  publisher = {American Physical Society},
  doi = {10.1103/PhysRevB.75.245440},
  url = {https://link.aps.org/doi/10.1103/PhysRevB.75.245440}
}

@article{lin,
  title={Recent experimental progress of fractional quantum Hall effect: 5/2 filling state and graphene},
  author={Lin, Xi and Du, Ruirui and Xie, Xincheng},
  journal={Natl. Sci. Rev.},
  volume={1},
  number={4},
  pages={564--579},
  year={2014},
  publisher={Oxford University Press}
}
